2580 4170
160 171 858 298 rocouun'croitertnconulu.
908 210 972 306 μ’,

15 303 109 376 eidem
128 306 228 386 ndu,
250 305 400 390 quoddam
421 305 622 387 reuangutnm
636 303 735 393 ,finiri
751 305 1022 394 rislaugusaaequass

21 405 198 478 sumantur,
219 423 256 466 ac
276 400 408 466 alterum
429 398 490 480 ejus
512 400 595 466 satus
616 391 709 466 abeat
727 397 764 464 in
793 396 945 482 nihilum}
969 405 1023 474 vel
1091 403 1095 412 ’

17 491 50 594 in
68 489 242 602 infinitati,
265 492 395 559 astatum
411 507 521 598 tonna·
537 482 648 578 [abibit
677 491 715 557 in
742 485 911 592 infinitum
925 541 951 588 ,¹
969 497 1023 568 vel

19 582 299 765 mggzlucmanonis
320 677 412 765 hujus
432 653 655 766 partcsomnes
676 675 823 748 videntur
848 645 1030 774 admodum,

23 768 202 836 manifestae.
229 769 339 839 Adhuc
362 791 467 840 tamen
492 772 534 838 fic
556 769 730 840 accuratius
751 771 1026 848 demonstrantur.

19 857 49 926 Si
81 861 148 928 bini
173 861 301 927 termini
321 862 457 929 rationis
479 863 656 932 utriuslibet
685 863 768 930 finiti
798 865 859 934 sint
880 872 1026 954 &uuus

17 969 157 1035 praterea
180 951 317 1021 tationis
341 955 468 1026 alterius
498 955 662 1024 evanescat
705 1000 716 1032 ‚
757 955 808 1023 vel
839 957 894 1026 fiat
916 957 1026 1046 infini-

18 1061 89 1120 tus,
119 1044 198 1112 alter
222 1044 312 1130 ipsrus
334 1066 404 1114 non
420 1037 523 1134 ‘potest
541 1048 649 1116 finitus
672 1041 835 1116 remanere
857 1071 868 1126 ;
889 1039 969 1119 nam
985 1040 1026 1130 is',

18 1135 63 1220 qui
81 1135 261 1223 supponitur
283 1137 405 1206 evanue
428 1139 590 1217 infinitus,
614 1138 665 1207 vel
687 1137 789 1205 abiisse
815 1140 852 1206 in
874 1142 1027 1223 nihilum,

18 1227 105 1296 adhuc
126 1227 203 1296 essct
225 1229 365 1309 finitus,
397 1235 432 1300 &
466 1232 665 1306 inveniretur
694 1241 734 1302 ex
764 1227 896 1320 reliquis
926 1233 1025 1318 tribus

17 1323 116 1390 todem
150 1315 276 1406 patto,
306 1343 373 1409 quo
403 1325 438 1389 in
469 1323 655 1392 Geometria
684 1367 694 1400 ,
732 1320 825 1392 datis'
847 1319 944 1393 tribus
975 1345 1026 1394 te·

17 1408 96 1488 nis,
126 1431 242 1498 quarta
273 1413 521 1500 proportionalis
543 1407 706 1482 invenitur
728 1415 737 1481 .‘
762 1409 863 1481 Porto
886 1435 1025 1486 cumeo-

17 1521 76 1570 rum
96 1503 184 1570 ratio
206 1505 317 1572 debeat
337 1505 397 1572 else
419 1505 541 1583 finita,
579 1501 769 1592 non'potest
801 1505 878 1575 alttt
910 1531 951 1576 ex
983 1507 1026 1574 iis

18 1593 89 1663 linis
111 1593 258 1663 terminis
280 1595 364 1665 abite
386 1595 423 1664 in
446 1593 583 1666 nihilum
605 1644 616 1676 ,
639 1595 738 1665 altero
764 1599 897 1668 abeunte
918 1598 955 1666 in
977 1599 1029 1686 in·

17 1687 128 1756 finitum
152 1731 163 1762 ,
186 1687 274 1754 ratio
295 1688 386 1755 enim
408 1689 528 1758 infiniti
553 1691 590 1755 ad
613 1687 758 1759 nihilum
773 1710 844 1758 non
866 1686 959 1760 finita
981 1691 1027 1760 es-
1115 1763 1119 1772 ,

19 1777 55 1846 stt
72 1825 82 1856 ,
102 1781 156 1846 led
179 1777 331 1846 infinities
351 1781 476 1849 infinita
499 1831 507 1848 .
529 1779 633 1868 Qlod
654 1781 677 1846 st
701 1779 784 1847 binis
804 1785 1027 1872 extremismaf

21 1869 158 1940 uentibus
180 1868 297 1947 sinitis,
321 1871 398 1939 alter
430 1896 469 1938 ex
493 1871 607 1938 mediis
628 1871 822 1946 evanescat,
844 1873 895 1939 vel
916 1873 952 1938 in
975 1875 1027 1941 in-

20 1961 132 2032 finitum
158 1964 265 2038 abeat,
290 1963 365 2030 alter
386 1985 426 2030 ex
449 1959 771 2050 ipstseademrationc
802 1961 1028 2038 linitusrema2

21 2057 83 2123 titre
92 2075 166 2122 uon
176 2055 293 2141 potest,
318 2056 404 2140 quod
415 2057 528 2122 eodem
551 2051 920 2140 argurnentoevincitut·
943 2055 1029 2125 Non
1071 2135 1074 2142 ,

20 2147 131 2226 possunt
155 2165 261 2214 autem
282 2144 373 2213 fimul
393 2147 478 2213 abite
497 2146 532 2212 in
554 2144 694 2214 nihstnn
720 2189 732 2220 ‚
776 2143 828 2213 vel
849 2144 886 2214 in
917 2145 1027 2216 infini-

20 2255 93 2312 tum,
114 2259 158 2305 ne
180 2253 294 2305 eornm
315 2236 530 2323 produslum,
563 2240 651 2323 quod
674 2235 790 2322 aequati
812 2237 903 2306 debet
932 2237 1028 2308 finito

19 2330 164 2411 ptodusto
185 2345 418 2406 extremorum,
442 2331 497 2397 fiat
519 2327 676 2404 nihilum,
698 2329 944 2398 velinfinitum.
966 2331 1030 2398 Ea·
1090 2355 1094 2366 ·

17 2419 78 2487 dem
102 2440 211 2490 autent
233 2420 276 2487 eli
300 2420 544 2498 demonstratio,
567 2421 590 2486 fi
613 2441 766 2488 maneant
785 2421 904 2498 medii,
927 2427 963 2493 &
984 2421 1030 2498 ιιΙ-Ι

19 2527 56 2576 tet
73 2537 112 2580 ex
136 2511 287 2580 extremis
310 2514 400 2582 abeat
421 2514 457 2579 in
480 2509 639 2590 nihilum,
661 2511 712 2582 vel
734 2513 771 2580 in
797 2512 979 2581 infinitum.

55 2610 131 2694 837.
155 2605 257 2672 Porto
280 2604 335 2672 ubi
357 2605 434 2672 alter
455 2627 495 2672 ex
519 2604 662 2674 terminis
692 2603 869 2678 extremis,
892 2601 942 2670 vel
963 2613 1034 2672 nte:

18 2693 67 2762 diis
88 2695 307 2784 proportionis
328 2695 374 2763 ita
395 2697 430 2762 in
459 2695 621 2764 inlinitum
653 2695 792 2762 absolute
814 2693 936 2762 recessit
956 2737 969 2769 ,
989 2713 1028 2787 ut
1096 2753 1103 2764 ,

17 2789 166 2876 nusquam
187 2788 250 2874 jam
272 2785 327 2863 lit,
349 2803 460 2857 verum
481 2788 619 2857 nihilum
640 2787 686 2872 ill'
709 2786 894 2871 respondete
918 2785 1030 2872 debet,¹

17 2895 77 2947 uon
99 2877 263 2968 quantitas
286 2880 459 2966 quapiam,
480 2901 551 2967 quae
572 2812 692 2948 <sicani
718 2875 925 2945 infinitelima
941 2877 1032 2946 ordia

15 2969 60 3036 nis
76 2971 322 3060 cujuscumque.
344 2973 380 3036 ld
403 2973 532 3059 quidem
555 2971 656 3039 multo
677 2969 853 3036 evidentius
862 2965 1032 3048 constabit,

16 3061 63 3128 ussi
85 3059 257 3130 manifesto
282 3063 617 3142 demonstraverimus,
639 3059 830 3148 quantitates
851 3059 1030 3130 infinitesli-

14 3169 94 3230 mas‚
118 3175 192 3241 qua
213 3151 250 3218 in
271 3154 302 3220 'se
327 3153 396 3240 ipfis
419 3153 496 3222 tales
516 3153 595 3230 sint,
617 3151 722 3222 nullas
745 3169 855 3220 revera
875 3153 953 3229 else,
975 3151 1035 3220 sed'

14 3261 31 3309 ι
48 3245 160 3314 nolito
183 3244 347 3330 cogitandi
368 3247 468 3314 modo
491 3247 624 3332 pendere
647 3247 870 3332 tantummodo
891 3289 903 3320 ,
924 3263 960 3312 ut
975 3243 1030 3310 ni·-
1112 3302 1129 3320 ,.

14 3336 128 3406 mitum
150 3331 336 3410 indefiniti,
357 3357 427 3406 non
445 3323 583 3408 absolute
615 3332 742 3404 infinit&
766 3355 867 3421 parva
883 3334 962 3420 fine.
986 3337 1032 3404 At

14 3420 61 3494 hic
83 3429 203 3504 etiarn,
226 3426 249 3492 fi
271 3427 406 3496 nomina
436 3429 556 3500 infiniti
588 3427 719 3497 absoluti
749 3426 943 3514 intelligatur
964 3425 1036 3504 id,

15 3518 101 3598 tulus
124 3519 233 3588 saltem
257 3517 334 3587 alter
355 3519 476 3598 limes,
498 3519 576 3589 utin
589 3517 815 3589 rennuerunt
844 3514 1036 3606 punstum,

15 3609 52 3677 lta
75 3611 113 3677 in
135 3611 443 3696 inlinitumrecessrt
462 3627 487 3690 ‚'
504 3633 539 3681 ut
567 3614 721 3697 nusquam
752 3608 819 3684 snt
859 3627 969 3674 verum
1000 3605 1033 3676 ci

15 3695 1030 3802 nihilumrcspondtromilleexempliscGtomtniapetitiqfaqile

876 3809 985 3858 evinci
1051 3807 1055 3824 ¹
