2580 4170
163 271 411 350 raucorum
433 271 867 364 mimicorum„
917 291 984 371 317
1040 301 1045 308 ·

24 372 245 438 iammnmddo
268 421 277 440 .
301 363 719 458 llra·veroqnaristu1nque
743 391 892 457 apparens
916 372 1053 461 analo-j
1090 381 1092 387 ’
1227 376 1230 388 “

25 459 89 544 gia,
113 467 155 532 &a
173 463 344 550 figurarum
368 461 545 530 fimiiitudo'
566 461 642 532 inde
673 481 780 531 ortum
803 459 923 540 duxit,
945 465 1036 553 quod

26 547 91 618 licet
112 553 182 640 ipsa
204 553 353 647 diunetri
377 554 563 626 secundaria
593 575 663 632 aon
695 555 756 630 sint
786 551 824 634 in
855 555 1037 650 Hyperbola

31 643 166 733 analoga
188 640 531 731 diatnetrisssllipstoa,
554 640 665 713 earnm
688 667 794 714 tamen
804 649 1038 734 quadratasunr

32 733 160 824 analoga
193 737 328 806 secundo
362 737 517 825 analogia
547 747 661 824 genere
699 739 861 824 quadratis
891 740 1039 814 harum,

31 825 136 910 quibua
159 828 181 894 ss
203 824 351 916 negative
382 828 562 904 suadentur,
585 825 706 914 prorsus
722 829 927 919 respondent.
951 829 1039 903 Cum
1081 893 1087 901 .

29 913 92 1001 ipsa
114 918 263 988 diametri
285 921 319 988 vi
347 922 413 1009 ejus
435 919 628 1006 definitionis
650 919 740 996 nulio
763 925 862 989 modo
894 922 1040 1009 analoga

28 1007 84 1078 ssat
107 1055 119 1087 ,
151 1011 217 1078 har
238 1011 303 1100 ipsa
325 1012 708 1100 analogiaquadtaroium
732 1013 1039 1087 demonstraricom-

27 1103 116 1172 muni
138 1103 407 1172 demonstratione
429 1127 499 1172 non
531 1102 634 1191 potuit
665 1103 823 1190 desumpta
844 1129 883 1173 ex
906 1105 970 1194 ipsa
985 1107 1040 1174 de-

8 1193 172 1262 'sinitione
195 1244 205 1262 .
231 1193 349 1265 Pendet
380 1217 454 1264 ean
477 1197 669 1265 theoremate
699 1195 872 1264 enuntiato
902 1189 993 1284 Pro'p.
1015 1217 1040 1281 7

29 1303 118 1354 num.
141 1307 204 1374 351
227 1331 239 1364 ‚
270 1287 306 1354 in
328 1311 393 1376 qua
414 1288 543 1356 habetur
568 1309 624 1374 pro
646 1304 778 1374 utraque
807 1307 927 1364 curva,
959 1311 1038 1375 qua·

29 1378 154 1446 mattam
183 1377 418 1455 semiordinatae
449 1379 581 1466 eujumis
613 1379 759 1447 diametri
789 1379 946 1466 primaria
976 1381 1039 1466 effe

18 1470 66 1534 ad
87 1470 305 1556 tetranguium
326 1469 381 1538 sub
398 1468 487 1540 binis
511 1469 644 1550 abseiffis
668 1492 686 1536 a
709 1470 794 1538 binis
818 1467 892 1558 ejus]
912 1469 1040 1543 vertici·
1148 1537 1150 1544 ,

8 1559 83 1628 ¹ints
102 1605 116 1636 ,
135 1579 180 1629 ut·
193 1561 237 1630 esi
258 1564 448 1649 quadratum
471 1560 694 1644 semidiametri
717 1563 894 1648 conjugata:
914 1565 1040 1650 adqua-

8 1653 151 1722 tdratum
181 1651 406 1724 semidiametri
437 1652 623 1738 primaria.
655 1655 756 1722 Porro
786 1656 945 1722 ra'tidnem
976 1655 1042 1744 ejus

8 1745 173 1829 »quadrati
193 1747 234 1810 ad
264 1743 482 1831 rectanguhrm
519 1744 572 1813 sub
597 1745 735 1812 abseiffis'
761 1741 959 1820 constantem
981 1745 1043 1819 esse

8 1835 195 1904 ·r0ntmuni
225 1835 495 1904 demonstratione
525 1836 625 1920 paruit
654 1857 743 1916 num.
779 1855 877 1920 3523
910 1857 942 1904 at
971 1859 1044 1905 eam

8 1929 165 1998 t-eandem
186 1927 278 2004 effe,
311 1949 382 2022 quat
412 1929 455 1994 est
486 1925 632 2014 quadrati
670 1923 894 2008 semidiametri
927 1925 1043 2012 prima·
1089 1953 1092 1960 ’

8 2016 88 2094 tria
107 2061 117 2094 ‚
138 2021 249 2087 eadem
282 2029 331 2085 ¹ro
354 2037 485 2106 utraque
504 2025 610 2084 'eurva
640 2013 912 2104 demonstratione
935 2017 1043 2094 evinci

9 2153 10 2170 t
33 2129 101 2176 non
122 2110 224 2196 potuit
245 2041 340 2188 tias
352 2128 408 2195 pro
440 2109 545 2194 Eliipst
576 2105 703 2176 ibidem¹
723 2107 969 2192 demonstratum
1000 2109 1045 2177 est

10 2221 73 2270 nex
93 2223 166 2279 eo,
211 2204 299 2290 quod
327 2199 461 2269 vertices
490 2199 638 2282 diametri
659 2200 833 2286 conjugatae
856 2201 927 2278 sunt
949 2199 1046 2280 etiam

11 2288 61 2361 tii
89 2294 139 2360 ad
157 2297 292 2363 eandem
323 2292 498 2376 Ellipstm,
529 2313 586 2379 pro
609 2289 790 2382 Hyperbola
810 2293 979 2378 repetitum
1002 2293 1047 2361 est

13 2402 54 2450 aa
82 2404 203 2454 nmner.
229 2393 330 2468 256,
360 2383 415 2450 ubi
438 2382 523 2452 idem
553 2383 649 2470 longe
671 2383 734 2449 alia
764 2381 1047 2461 demonstratione,

14 2475 129 2634 tfftita
151 2476 301 2554 uidelicet
323 2478 362 2556 ab
386 2473 772 2564 asytuptotorumnatura,¹
795 2473 896 2558 suerat
912 2477 1047 2554 demon-

15 2608 33 2634 t·
61 2584 178 2637 ratum.

81 2663 158 2737 819·
181 2661 341 2734 Caeterutn
372 2660 584 2731 demonstrata
606 2663 670 2748 jam
699 2663 851 2750 ejusmodi
874 2659 1046 2746 quadrato-

17 2765 107 2818 trum
129 2750 313 2836 analogia,
348 2777 388 2823 ex
412 2778 476 2843 qua
496 2755 618 2822 constat
649 2757 836 2840 quadratum
859 2751 923 2835 ejus
946 2795 958 2825 ,
978 2765 1049 2837 que

38 2842 118 2908 dicta
139 2842 183 2911 est
205 2843 362 2913 diameter
383 2845 568 2916 secundaria
589 2845 625 2913 iu
645 2845 858 2934 Hyperbnla‚
889 2843 949 2909 effe
972 2841 1050 2926 elus-

19 2933 108 3020 }dem
130 2934 394 3022 magnitudinis,
418 2959 454 3005 ac
475 2937 518 3005 esi
540 2941 728 3025 quadratum
761 2934 948 3022 negativum
979 2954 1050 3001 vete

20 3023 210 3114 imalogum
231 3031 387 3114 quadrato
409 3029 542 3116 pofitivo
575 3028 718 3094 diametri
750 3027 924 3114 conjugare
946 3023 1051 3117 ‘Euip-
1129 3085 1131 3090 .

122 3161 135 3195 ‚
165 3138 371 3206 quacumque
392 3119 428 3188 in
451 3119 556 3203 El-ripfi
579 3119 780 3204 pertinebunt
810 3131 881 3190 uon
904 3121 955 3198 adi
975 3115 1052 3202 ipsas

62 3207 213 3277 iametros
235 3211 417 3297 conjugatas
440 3258 451 3286 ,
471 3213 522 3278 sed
547 3213 586 3277 ad
615 3230 724 3278 aarum
747 3213 926 3298 quadrata,
960 3226 1054 3276 erunt

57 3301 227 3376 umruunia
265 3303 452 3388 Hyperbolae
493 3347 506 3377 ,
542 3305 721 3370 dummodo
753 3301 790 3370 in
822 3303 882 3368 hae
919 3300 1056 3387 quadra-

74 3411 105 3458 m
128 3391 352 3462 semidiametri
375 3394 563 3462 secundaria
594 3395 731 3462 sumatur
761 3387 909 3481 negative
933 3435 944 3466 ‚
967 3391 1057 3478 quod
1081 3454 1082 3457 ,

53 3503 113 3552 ane
133 3529 145 3561 ,
167 3485 192 3550 fi
215 3483 278 3572 ipsa
300 3485 483 3554 secundaria
504 3487 658 3555 diameter
677 3487 750 3554 esset
774 3483 910 3570 analoga
935 3483 1057 3557 diame-

68 3596 90 3642 ο
113 3571 287 3662 Ellipseos‚
310 3578 439 3663 positive
462 3577 542 3644 suni
564 3581 713 3652 deberet,
744 3596 818 3644 eum
839 3573 996 3642 nimirum
1019 3577 1055 3640 δι

91 3667 262 3744 tritarum„
285 3669 556 3754 &negativarum
577 3669 793 3756 quantitatum
817 3669 972 3753 quadrata
995 3663 1057 3742 srnt

79 3757 171 3828 srtiva
194 3808 203 3827 .
225 3755 274 3828 Fit
297 3783 401 3828 autem
425 3759 542 3840 idem,
565 3781 600 3831 ut
622 3761 679 3830 ubi
700 3763 738 3826 de
762 3757 924 3836 quadratis
937 3754 1058 3840 agitur,

31 3859 45 3956 ζ
126 3845 481 3944 ,ΒΡῙΝἘΜῙΜῙᾸᾸ
598 3901 643 3948 .;’..·.
756 3851 807 3917 γ’
969 3843 1014 3918 ³¹⁹
