2664 4172
52 278 53 282 ¹
168 242 407 318 LOCORUM
429 237 867 316 ΕΙΞΟΜΕΤΚΙΕΟΜῙΜ.Ι
918 241 1002 332 ἶιηῖς

1 339 172 416 infinito
196 342 336 426 adeoque
359 335 459 404 adhuc
489 334 549 402 erit
565 333 649 402 CM'
665 335 706 402 dd
730 334 819 412 CO,
842 356 878 404 ut
907 335 975 418 CO
996 337 1053 415 πᾶ)

1 425 88 506 ΪΕΡ’
111 432 250 506 finitam,
271 435 306 498 dr
330 425 491 516 proportio
514 426 641 514 quidem
651 427 811 503 manebit,
835 427 1053 503 direotioauat

24 544 88 592 rent
112 523 146 590 in
168 523 318 610 ejusmodi
340 518 438 588 finitis
461 517 687 606 quantitatibus
708 517 744 584 in
776 519 950 606 oppofitam
973 521 1039 608 pla·

21 637 105 701 gam*
123 613 320 696 tendentibus
339 611 400 682 erit
429 608 546 679 itetuut
575 612 686 682 eadem
717 609 815 694 priori
846 613 1040 704 contraria:

23 707 147 774 Idcirco
170 704 335 792 proportio¹
363 701 504 771 manebit
533 700 628 770 etiam
661 701 746 770 inter
775 703 931 776 eiusmodi
961 727 1040 792 qua·

25 809 103 876 tuor
121 795 311 884 quantitates
331 840 342 874 ,
364 813 498 880 quarum
522 793 634 860 mediae
657 792 866 862 dirediionent
888 816 1041 868 nonmu-

25 907 134 967 tarune
155 933 165 965 ‚
187 883 322 956 muravit
344 886 479 974 prima,
510 891 546 955 bc
576 903 688 972 quarta
719 907 848 973 quoque
876 887 1041 975 assumpta

23 1001 63 1048 ex
87 967 171 1067 pnite
193 979 285 1047 finita
316 978 507 1055 contrariam
535 975 632 1065 priori
663 973 754 1044 habet
783 998 794 1053 3
835 979 976 1066 adeoque
999 980 1038 1051 in

25 1072 157 1140 summis
179 1071 322 1158 habenda
344 1071 403 1138 erit
424 1068 521 1136 etiant
543 1068 606 1154 ipsa
628 1088 685 1154 pto
694 1066 859 1152 negativa,
880 1071 1038 1162 reductio-

24 1173 67 1230 n'e
92 1163 199 1249 aliqua
216 1161 312 1229 iirnili
333 1161 383 1238 ei,
405 1175 501 1246 quarn
524 1167 689 1240 nutum
712 1159 1039 1254 confideravimuein

1 1313 2 1316 ,
24 1253 268 1342 completnenpo
289 1252 441 1340 ejusmodi
465 1243 667 1326 ad'circulum
682 1249 844 1322 infinitum
865 1254 1039 1342 ejusquan·

25 1344 126 1412 sitatis
147 1365 198 1430 pet
220 1345 382 1414 infinitum
405 1341 573 1420 tradudiae,
595 1363 665 1429 quae
689 1341 825 1430 analoga
844 1365 911 1412 erat
933 1345 1038 1431 ptimo

1 1435 183 1523 'analogia
206 1445 339 1524 genere.
413 1440 437 1468 ¹²
573 1523 575 1528 ,

1 1538 2 1543 ’
73 1531 150 1612 784.
173 1529 244 1596 Ubi
266 1547 344 1594 vero
366 1539 494 1612 uterque
526 1525 676 1596 terminus
706 1547 760 1614 per
791 1527 931 1598 nihilum
952 1547 1038 1598 tran-

26 1619 66 1686 srt
89 1663 99 1692 ,
122 1617 211 1685 nulla
233 1617 399 1688 difficultas
421 1619 479 1686 effe
501 1617 625 1708 potest,
651 1639 733 1711 eum*
754 1625 957 1707 precedentes
980 1641 1042 1692 ter·

25 1709 113 1776 mini
135 1753 146 1785 ,
168 1710 230 1794 qui
247 1707 440 1800 habebantur
463 1731 535 1778 ante
558 1710 902 1792 transformationem,
926 1713 1042 1802 migra·

26 1801 97 1868 rint
118 1799 154 1866 in
178 1801 235 1869 hos
256 1801 338 1888 ipsos
359 1799 525 1890 negativos
546 1803 557 1878 ,'
580 1823 616 1868 ac
637 1803 692 1870 ubi
729 1807 865 1874 mutatio
895 1807 930 1872 fit
953 1825 1039 1872 tran-

1 1891 151 1970 ¹seundo
181 1913 233 1980 per
265 1893 425 1964 infinitum
449 1897 468 1970 f,
499 1893 590 1960 facile
620 1894 704 1960 ratio
733 1897 871 1962 redditur
900 1896 1038 1964 rationis

26 1983 189 2058 manentis
221 2007 259 2054 ex
289 1985 348 2054 illo
379 1985 499 2052 infiniti
531 1981 711 2069 mysterio,
743 1987 830 2071 quod
860 2005 950 2053 num.
973 1995 1040 2070 776

1 2085 2 2128 i
26 2075 178 2160 persecuti
209 2077 312 2148 sumus
333 2102 345 2154 3
364 2075 440 2144 iicet
462 2075 639 2144 mutatione
663 2073 746 2144 fabia
767 2095 820 2160 per
841 2073 1005 2150 infinitum
1026 2121 1044 2165 ,Ι

1 2173 97 2232 'non
121 2168 285 2238 succedent
314 2168 469 2256 prioribus
500 2167 643 2234 terminis
673 2167 814 2252 negativi
846 2167 896 2235 ilii
927 2165 1041 2246 finiti,

1 2257 81 2342 {fed
104 2257 227 2341 poiitivi
249 2281 303 2345 per
323 2261 489 2328 infinitum
512 2258 678 2327 raduni.
709 2259 744 2327 Si
766 2257 799 2324 in
823 2261 873 2346 fig.
906 2247 1135 2347 aque-1¹24}
1234 2310 1237 2317 .

1 2347 2 2422 i
25 2348 82 2415 &a
105 2352 159 2420 FG
183 2349 280 2418 abiret
301 2349 334 2416 in
357 2351 564 2420 infinitumex
584 2365 669 2438 parte
691 2351 766 2426 Aba
784 2355 1042 2438 &regrederetur

1 2463 63 2508 ¹ear
97 2463 180 2526 parte
202 2445 363 2510 contrario
386 2445 443 2511 DB
465 2441 500 2508 in
520 2436 556 2527 fg
579 2465 588 2520 ς
614 2441 678 2510 illis
687 2441 751 2518 CF,
773 2439 1040 2513 CGrnonsucce-

1 2534 142 2623 1derent
163 2529 230 2621 Cf,
254 2535 319 2614 Cg,
341 2535 390 2604 sed
414 2534 444 2604 C
472 2551 513 2596 00
542 2529 635 2622 fsC
673 2567 713 2616 ω
741 2555 791 2616 g.
820 2535 1041 2622 Aequoniam

1 2640 2 2662 ³
28 2625 147 2694 harum
167 2626 252 2693 ratio
273 2627 388 2714 seutper
398 2629 439 2694 ob
449 2622 631 2712 analogiam
651 2625 974 2704 debereteffeeadem,
996 2645 1044 2692 et-
1125 2614 1137 2698 i

27 2714 98 2780 iant
121 2715 143 2781 fi
160 2712 200 2803 fig
224 2719 387 2806 appelleret
410 2719 449 2784 ad
470 2713 521 2790 Cs
546 2718 864 2806 idcircojuxtan.769
885 2720 982 2786 etiarn
991 2716 1042 2784 in-

1 2805 107 2892 }tegri
130 2806 249 2878 infiniti
271 2811 378 2880 circuli
401 2808 461 2878 CA
491 2823 531 2871 00
565 2803 650 2888 BC,
681 2808 738 2880 CE
766 2823 807 2874 00
841 2807 905 2880 DC
926 2811 1042 2878 debent

1 2937 2 2940 =
25 2898 153 2985 concipi
180 2905 218 2966 ad
242 2903 270 2969 se
293 2904 429 2971 invicem
451 2901 486 2970 in
509 2903 618 2969 eadem
644 2903 768 2970 ratione
801 2901 867 2972 CH
899 2903 938 2966 ad
961 2899 1005 2970 CI
1026 2942 1040 2970 ·

1 2987 139 3078 thare
163 2988 349 3083 ubicumque
372 2996 409 3062 stt
431 2987 471 3078 fg
501 2996 539 3060 ab
572 2993 703 3078 integris
724 2993 848 3060 circulis
879 2989 943 3057 iliis
972 2990 1039 3060 etri·
1132 3020 1134 3026 ¹

1 3080 2 3108 ³
23 3080 177 3150 fientibus
198 3129 209 3160 ‚
232 3106 267 3151 ut
289 3086 372 3162 CH,
394 3083 439 3154 CI
460 3079 625 3153 demendo*
638 3083 795 3168 segmenta
815 3081 876 3151 CA
904 3097 945 3150 οο
979 3077 1039 3172 Bf,

1 3169 83 3260 {CE
113 3189 153 3234 00
189 3177 256 3252 Dg,
279 3198 349 3260 quae
370 3177 498 3246 suntin
528 3177 639 3242 'eadent
668 3172 827 3250 rationes
857 3171 1045 3264 relinquen·
1073 3227 1081 3246 a

1 3269 2 3330 i
24 3281 77 3330 rur
99 3260 179 3350 Cf,
200 3265 251 3346 cg
272 3266 308 3331 in
331 3269 456 3336 tatione
479 3265 593 3353 pariter
615 3268 726 3333 eadem
760 3317 767 3336 .
813 3263 1041 3360 Qaatnobrem

22 3353 125 3421 etiarn
151 3357 345 3426 considerata
368 3357 517 3446 analogia
546 3356 641 3444 printi
671 3359 794 3446 generis
823 3357 859 3428 in
891 3357 1043 3428 transfor-

1 3443 171 3516 tinaerone
195 3491 206 3524 s
228 3448 348 3516 eruitur
370 3448 470 3516 adhue
490 3446 680 3536 quantitates
711 3448 895 3520 secundario
924 3447 1040 3538 genere
1125 3454 1133 3480 '

28 3535 201 3624 analogas,
223 3538 300 3608 licet
322 3539 466 3607 oriantur
489 3541 618 3606 transitu
639 3539 750 3608 limitis
780 3561 834 3629 per
856 3539 1039 3634 infinitum,

28 3629 139 3697 debere
163 3628 297 3712 retinete
321 3627 663 3720 proportionesque
686 3648 757 3704 ante
788 3629 1041 3711 transformatio·

27 3739 100 3788 nem
123 3723 312 3792 habuerant.
992 3731 999 3736 ’

877 3913 879 3918 Α
943 3757 1019 3900 i57.
1040 3777 1085 3884 bt

1111 3979 1125 4010 e
