2580 4170
281 228 351 306 ”288
428 227 496 303 DE
517 223 1090 324 TRANSFORMATIONE

237 347 290 413 pet
321 323 489 394 infinitum
510 323 699 409 inadustis,
730 324 863 410 pertinet
894 323 933 389 ad
957 322 1075 389 infiniti
1107 313 1248 410 mysteria

238 419 401 504 quedam,
420 436 492 502 'quae
518 418 556 482 ad
579 414 762 502 analogiam
786 415 947 500 quandam
979 413 1178 482 retinendam
1201 407 1247 480 hlc

194 575 196 580 ,
241 509 454 584 adhibemus,
476 504 549 578 licet
570 505 655 576 insta
676 529 717 575 co
742 507 978 574 deveniendum
1000 505 1037 572 stt
1061 504 1156 571 nobis
1185 521 1249 580 ,ut

239 591 341 684 ipsum
363 597 525 668 infinitum
556 598 725 664 habeamus
748 597 850 683 potius
891 615 948 682 pro
979 594 1179 683 impossibili.
1203 596 1250 662 ld-

240 689 326 758 circo
350 690 548 777 adjecimus,
563 686 608 774 st'
625 687 731 768 alique
753 685 860 754 exiis
884 703 937 772 per
958 683 1042 775 infin
1050 686 1128 752 irum
1150 685 1251 752 tradu-

239 781 288 846 ne
322 829 428 849 ....
459 779 668 866 concipiantur
697 826 704 840 .
735 779 902 848 Nimirum
934 778 956 845 si
987 784 1041 847 ebs
1070 779 1133 845 hoc
1160 793 1285 872 patrol

49 859 52 886 ‘
112 899 119 938 ι
240 873 465 960 concipimus,
498 876 645 940 debemus
666 871 764 939 etiam
802 870 836 936 in
866 869 908 936 iis
930 869 1090 957 generales
1112 869 1180 937 illas
1202 889 1252 937 ra-

240 969 347 1033 tiones
370 965 564 1040 admittere,
587 985 657 1050 quar
687 964 840 1030 habentur
862 961 898 1028 in
921 961 1071 1030 omnibus
1096 961 1167 1028 aliis
1176 981 1249 1028 anr-

238 1054 320 1142 logis
341 1101 351 1132 ,
372 1057 483 1123 eadem
505 1053 657 1123 nimirum
678 1054 745 1139 lege
767 1071 839 1120 curn
870 1055 981 1121 eadem
1002 1052 1177 1120 directione
1198 1053 1249 1121 tle·

237 1147 337 1214 finitis
358 1167 411 1234 per
433 1144 682 1214 constructiones
697 1145 839 1222 easdem,
863 1147 902 1210 ad
919 1163 998 1230 quas
1009 1144 1249 1231 analogasGeo-

238 1239 351 1307 metria
373 1239 520 1306 humanae
544 1237 660 1305 mentis
680 1236 859 1305 extenditur
882 1285 890 1303 .
922 1235 1011 1304 Nam
1042 1235 1065 1302 fi
1088 1236 1248 1304 infinitum

238 1330 401 1408 extensum
423 1327 466 1396 est
490 1326 630 1414 possibilc
651 1373 662 1405 ,
684 1328 719 1393 id
741 1327 869 1416 quidem
898 1327 1046 1395 humanae
1069 1327 1185 1394 mentis
1205 1326 1249 1395 vi·

239 1419 293 1488 tcs‘
311 1421 448 1488 omnino
471 1419 594 1488 excedit
614 1465 625 1497 ,
647 1439 718 1508 quae
740 1419 778 1485 in
798 1441 840 1486 eo
873 1418 1000 1485 absurda
1030 1422 1177 1504 qutetlatn
1198 1422 1248 1486 de-

239 1535 329 1580 mum
350 1512 494 1586 invenit,
512 1534 581 1598 quae
604 1531 676 1579 cum
698 1529 782 1578 recta
804 1510 929 1578 ratione
951 1507 1041 1576 nullo
1063 1513 1164 1576 modo
1173 1529 1246 1578 cotr-

170 1678 173 1684 ,
238 1603 341 1670 eiliari
364 1604 446 1690 posse
470 1604 667 1670 videantur.
689 1601 869 1688 Adjecimus
891 1621 994 1668 autem
1017 1600 1097 1666 illud
1107 1639 1122 1677 ‚1
1139 1618 1247 1668 eman-

236 1713 267 1760 te
288 1711 407 1773 utroque
428 1713 588 1771 entismo.
608 1715 645 1762 ut
666 1693 925 1780 distingueremus
946 1693 1139 1779 quantitates
1161 1694 1249 1761 hasce

238 1807 291 1870 ptr
316 1785 480 1854 infinitum
504 1787 678 1861 traductas,
700 1805 736 1850 ac
758 1783 889 1867 proinde
911 1783 1248 1869 quodammodotelu-

239 1878 263 1944 ti
285 1877 448 1966 plusquam
469 1878 636 1952 infinitas,
668 1891 802 1962 quarum
831 1873 986 1941 nimitum
1017 1893 1160 1942 extrema
1182 1877 1249 1946 sunt

238 1969 372 2044 alicubi,
394 1968 577 2056 &possunt
599 1967 724 2054 perspici
746 2011 757 2042 ,
791 1963 944 2040 abillis,
975 1986 1048 2052 quae
1069 1966 1251 2054 simplicitet·

237 2060 272 2126 i'n
296 2060 455 2129 infinitum
481 2064 626 2135 abeunt,
659 2058 759 2128 altero
789 2053 897 2122 saltem
926 2073 1071 2126 extremo
1092 2059 1249 2148 nusquam

235 2153 298 2240 itm
317 2151 486 2219 existente.
793 2187 819 2212 f
1258 2150 1261 2154 ’

280 2261 355 2326 770.
377 2243 459 2310 lllud
480 2287 491 2320 ,
512 2247 599 2331 quod
630 2245 667 2312 in
689 2245 749 2312 hac
779 2239 914 2307 secunda
944 2238 1070 2326 huiuste
1102 2243 1251 2318 Curionis

233 2353 318 2421 parre
340 2334 474 2421 pertinet
498 2339 536 2400 ad
558 2337 769 2411 directionem
791 2351 881 2398 rectae
906 2350 957 2416 pet·
991 2333 1158 2406 infinitum
1189 2355 1249 2406 tra.

234 2430 351 2501 ducta,
373 2425 573 2492 manifestum
596 2427 639 2511 est
660 2427 698 2494 in
727 2425 784 2494 illa
814 2421 932 2505 insigni
963 2423 1163 2496 Coniectum
1194 2427 1248 2496 Se-

233 2517 378 2585 ctionum
400 2518 603 2602 pmprictate‚
625 2541 698 2605 quae
717 2531 827 2585 earum
858 2507 948 2590 fosisl
973 2537 1095 2586 nomen
1132 2519 1245 2594 dedit,

234 2631 332 2696 quant
354 2627 443 2676 nunt.
461 2631 524 2675 202
548 2609 767 2698 exposuimus.
790 2601 890 2675 Radii
911 2623 952 2670 ex
986 2607 1061 2677 foco
1082 2609 1106 2675 F
1139 2609 1246 2698 egressi

232 2701 270 2768 in
292 2698 396 2788 Ellipli
418 2699 455 2768 in
476 2701 528 2785 fig.
547 2709 590 2771 66
620 2703 688 2790 'poli
717 2697 923 2768 reflexionem
944 2695 990 2785 lin
1020 2702 1147 2788 punctis
1167 2703 1248 2786 1²,p

235 2793 349 2860 debent
371 2792 455 2860 abire
477 2803 533 2878 per
551 2811 650 2861 rectas
672 2791 779 2860 finitas
802 2789 845 2868 P!
860 2829 882 2878 2¹
896 2783 1189 2879 pftconvergentes
1210 2795 1247 2860 ad

146 2858 429 3042 F·⁶⁶puncruln!
442 2903 483 2956 ex
507 2901 593 2970 parte
615 2883 705 2950 linita
728 2932 737 2949 .
759 2879 788 2948 li
814 2881 853 2945 in
873 2882 1022 2960 parabola
1052 2884 1089 2952 in
1111 2887 1164 2976 fig.
1188 2895 1248 2967 67,

169 2965 211 3027 ⁶7
234 2975 366 3042 abeunte
402 2995 464 3043 oco
481 2969 512 3060 f
523 2977 561 3042 in
583 2973 746 3044 infinitum
768 2972 835 3048 ita,
856 2985 893 3034 ut
915 2973 1068 3061 nusquam
1090 2976 1157 3062 jam
1179 2975 1217 3043 fir
1239 3019 1250 3052 ,

167 3043 210 3107 ⁶⁸
233 3065 374 3134 evadunt
395 3065 536 3151 paralleli
558 3067 643 3135 inter
664 3065 695 3135 le
715 3109 727 3142 ,
748 3067 836 3152 quod
866 3065 1001 3142 pertinet
1031 3069 1070 3134 ad
1103 3087 1208 3137 unum
1228 3089 1248 3134 e

233 3153 434 3242 sequentibus
455 3155 677 3226 Canonibur.
708 3157 752 3225 Ar
782 3155 818 3224 in
847 3147 1042 3242 Hyperbola'
1060 3157 1098 3226 in
1128 3161 1183 3247 fig.
1204 3161 1248 3228 68

235 3249 351 3316 abeunt
371 3263 425 3331 per
446 3244 592 3316 rector
621 3265 661 3312 eo
693 3243 732 3337 f,
749 3265 775 3334 p
804 3265 844 3314 οι
873 3243 914 3333 f,
937 3271 1008 3337 quae
1029 3250 1247 3336 suntanalogt

186 3385 188 3391 ,
233 3336 385 3425 primario
407 3357 521 3428 genere
544 3336 910 3427 annunciabitis,
935 3335 1181 3433 pflillipseos,
1212 3347 1246 3410 dt

234 3429 474 3516 quodammodo
497 3427 582 3496 velut
604 3447 800 3519 convergunt
829 3429 941 3501 itidem
975 3437 1015 3500 ad
1044 3433 1144 3518 ipsum
1164 3430 1243 3522 fex

233 3539 315 3606 parte
338 3518 458 3588 infiniti
482 3570 490 3586 .
514 3517 576 3585 Sed
597 3521 751 3607 quoniam
775 3521 957 3607 invulgati
978 3527 1179 3612 geometrico
1189 3527 1238 3593 set·

233 3633 328 3694 tnone
347 3631 427 3677 nont
442 3609 604 3680 adhibetur
626 3632 704 3679 nota
736 3612 888 3689 infiniti,
911 3635 970 3683 nec
989 3635 1080 3683 rectae
1105 3619 1237 3684 conside·

237 3719 345 3773 tantur
369 3699 408 3771 in
430 3699 593 3774 inlinitum
616 3703 784 3779 traductae,
804 3707 1068 3798 apponendaiuit
1090 3705 1243 3777 littetaOs

1132 3820 1205 3889 quae
